@misc{javaTpoint,
  author = {javaTpoint},
  title = {{N-Queens Problem}},
  howpublished = "\url{https://www.javatpoint.com/n-queens-problems}",
  year = {2011}, 
  note = "[Online; accessed 19-July-2022]"
}

@book{alghdesign,
  author         = {Narasimha Karumanchi},
  publisher      = {Narasimha Karumanchi},
  title          = {Algorithm Design Techniques: Recursion, Backtracking, Greedy, Divide and Conquer, and Dynamic Programming},
  year           = {2015}
}

@article{nqueensartcl,
  author          = {Leila Sloman},
  journal         = {Quantamagazine},
  number          = {7},
  title           = {Mathematician Answers Chess Problem About Attacking Queens},
  volume          = {2},
  year            = {2013}
}